<record><leader>00000cas a2200000 a 4500</leader><controlfield tag="001">9486695</controlfield><controlfield tag="008">830506d18891960ohudn ne      0    0eng c</controlfield><datafield ind1=" " ind2=" " tag="010"><subfield code="a">sn 83035109 </subfield></datafield><datafield ind1=" " ind2=" " tag="040"><subfield code="a">NPY</subfield><subfield code="b">eng</subfield><subfield code="c">NPY</subfield><subfield code="d">NPV</subfield><subfield code="d">DLC</subfield><subfield code="d">ONP</subfield><subfield code="d">NVF</subfield><subfield code="d">CRL</subfield><subfield code="d">NYS</subfield><subfield code="d">DLC</subfield><subfield code="d">OCLCQ</subfield><subfield code="d">OCLCA</subfield><subfield code="d">OCLCF</subfield></datafield><datafield ind1="1" ind2=" " tag="029"><subfield code="a">AU@</subfield><subfield code="b">000020339785</subfield></datafield><datafield ind1=" " ind2=" " tag="042"><subfield code="a">pcc</subfield></datafield><datafield ind1=" " ind2=" " tag="043"><subfield code="a">n-us-oh</subfield></datafield><datafield ind1="0" ind2="0" tag="050"><subfield code="a">Newspaper 9278</subfield></datafield><datafield ind1="0" ind2=" " tag="130"><subfield code="a">Cleveland press (Cleveland, Ohio : 1889)</subfield></datafield><datafield ind1="1" ind2="4" tag="245"><subfield code="a">The Cleveland press.</subfield></datafield><datafield ind1=" " ind2=" " tag="260"><subfield code="a">Cleveland [Ohio] :</subfield><subfield code="b">Scripps Pub. Co.,</subfield><subfield code="c">1889-1960.</subfield></datafield><datafield ind1=" " ind2=" " tag="300"><subfield code="a">v.</subfield></datafield><datafield ind1=" " ind2=" " tag="310"><subfield code="a">Daily (except Sun.)</subfield></datafield><datafield ind1="0" ind2=" " tag="362"><subfield code="a">No. 3402 (Sept. 21, 1889)-no. 25816 (Jan. 23, 1960).</subfield></datafield><datafield ind1=" " ind2=" " tag="500"><subfield code="a">A joint edition of the Cleveland news and the Cleveland press was published Nov. 1, 1956 containing the names of each but with the numbering and running title of the Cleveland news.</subfield></datafield><datafield ind1=" " ind2=" " tag="500"><subfield code="a">Issue for July 21, 1936 is Cleveland centennial edition.</subfield></datafield><datafield ind1=" " ind2=" " tag="515"><subfield code="a">Published in an abbreviated version Jan. 5-18, 1946; not published Jan. 19-Feb. 5, 1946 and Nov. 2-16, 1956 due to strikes.</subfield></datafield><datafield ind1=" " ind2=" " tag="530"><subfield code="a">Also issued on microfilm from UMI.</subfield></datafield><datafield ind1=" " ind2="0" tag="651"><subfield code="a">Cleveland (Ohio)</subfield><subfield code="v">Newspapers.</subfield></datafield><datafield ind1=" " ind2="0" tag="651"><subfield code="a">Cuyahoga County (Ohio)</subfield><subfield code="v">Newspapers.</subfield></datafield><datafield ind1=" " ind2="7" tag="655"><subfield code="a">Newspapers.</subfield><subfield code="2">fast</subfield><subfield code="0">(OCoLC)fst01423814</subfield></datafield><datafield ind1=" " ind2="7" tag="651"><subfield code="a">Ohio</subfield><subfield code="z">Cleveland.</subfield><subfield code="2">fast</subfield><subfield code="0">(OCoLC)fst01205966</subfield></datafield><datafield ind1=" " ind2="7" tag="651"><subfield code="a">Ohio</subfield><subfield code="z">Cuyahoga County.</subfield><subfield code="2">fast</subfield><subfield code="0">(OCoLC)fst01202752</subfield></datafield><datafield ind1=" " ind2=" " tag="752"><subfield code="a">United States</subfield><subfield code="b">Ohio</subfield><subfield code="c">Cuyahoga</subfield><subfield code="d">Cleveland.</subfield></datafield><datafield ind1="0" ind2="0" tag="780"><subfield code="t">Press (Cleveland, Ohio : 1884)</subfield><subfield code="w">(DLC)sn 83035107</subfield><subfield code="w">(OCoLC)9486314</subfield></datafield><datafield ind1="0" ind2="7" tag="785"><subfield code="t">Cleveland news (Cleveland, Ohio)</subfield><subfield code="w">(DLC)sn 83035104</subfield><subfield code="w">(OCoLC)9430183</subfield></datafield><datafield ind1="0" ind2="7" tag="785"><subfield code="t">Cleveland press and Cleveland news</subfield><subfield code="w">(DLC)sn 85042422</subfield><subfield code="w">(OCoLC)12391673</subfield></datafield></record>